@online{IDC:2016:VR-industry,
    author = {IDC},
    date = {2016-08-15},
    title = {Worldwide Revenues for Augmented and Virtual Reality Forecast to Reach \$162 Billion in 2020, According to IDC},
    url = {https://www.idc.com/getdoc.jsp?containerId=prUS41676216}
}
